%% This BibTeX bibliography file was created using BibDesk.
%% http://bibdesk.sourceforge.net/


%% Created for Andres KÃ¼tt at 2015-01-14 09:06:22 +0100 


%% Saved with string encoding Unicode (UTF-8) 



@book{laplante,
	Author = {Philip A. Laplante},
	Date-Added = {2015-01-14 07:34:43 +0000},
	Date-Modified = {2015-01-14 07:35:42 +0000},
	Publisher = {CRC Press},
	Title = {What Every Engineer Should Know about Software Engineering},
	Year = {2004}}

@book{pollio1914vitruvius,
	Author = {Pollio, Vitruvius},
	Date-Added = {2015-01-01 17:37:22 +0000},
	Date-Modified = {2015-01-01 17:37:22 +0000},
	Publisher = {Harvard university press},
	Title = {Vitruvius: The Ten Books on Architecture},
	Year = {1914}}

@book{laudon2000management,
	Author = {Laudon, Kenneth C and Laudon, Jane Price},
	Date-Added = {2014-12-31 12:09:40 +0000},
	Date-Modified = {2014-12-31 12:09:40 +0000},
	Publisher = {Prentice Hall New Jersey},
	Title = {Management information systems},
	Volume = {6},
	Year = {2000}}

@article{david2000diagnosing,
	Author = {David, W and Fahey, Liam},
	Date-Added = {2014-12-31 12:01:12 +0000},
	Date-Modified = {2014-12-31 12:01:12 +0000},
	Journal = {The Academy of management executive},
	Number = {4},
	Pages = {113--127},
	Publisher = {Academy of Management},
	Title = {Diagnosing cultural barriers to knowledge management},
	Volume = {14},
	Year = {2000}}

@unpublished{15.905,
	Author = {Ali Almossawi and Genevieve Flanagan and Joshua Eaton and Jos{\'e} Manuel Arias Calvo and Andres K{\"u}tt and Pankaj Kashyap},
	Date-Added = {2014-12-31 11:48:27 +0000},
	Date-Modified = {2014-12-31 11:50:36 +0000},
	Month = {April},
	Note = {{{\~O}IS}},
	Title = {{Knowledge Management and Diffusion. 15.905 -- Technology Strategy Assignment \# 2}},
	Year = {2011}}

@book{leveson2011engineering,
	Author = {Leveson, Nancy},
	Date-Added = {2014-12-28 19:05:02 +0000},
	Date-Modified = {2014-12-28 19:05:02 +0000},
	Publisher = {Mit Press},
	Title = {Engineering a safer world: Systems thinking applied to safety},
	Year = {2011}}

@article{luftman2004assessing,
	Author = {Luftman, Jerry},
	Date-Added = {2014-12-28 10:03:37 +0000},
	Date-Modified = {2014-12-28 10:03:37 +0000},
	Journal = {Strategies for information technology governance},
	Pages = {99},
	Publisher = {Igi Global},
	Title = {Assessing business-IT alignment maturity},
	Volume = {4},
	Year = {2004},
	Bdsk-File-1 = {YnBsaXN0MDDUAQIDBAUGJCVYJHZlcnNpb25YJG9iamVjdHNZJGFyY2hpdmVyVCR0b3ASAAGGoKgHCBMUFRYaIVUkbnVsbNMJCgsMDxJXTlMua2V5c1pOUy5vYmplY3RzViRjbGFzc6INDoACgAOiEBGABIAFgAdccmVsYXRpdmVQYXRoWWFsaWFzRGF0YV8QGUlULUJ1c2luZXNzIEFsaWdubWVudC5wZGbSFwsYGVdOUy5kYXRhTxEB1AAAAAAB1AACAAAMTWFjaW50b3NoIEhEAAAAAAAAAAAAAAAAAAAAzmYEF0grAAABPMYuGUlULUJ1c2luZXNzIEFsaWdubWVudC5wZGYAAAAAAAAAAAAAAAAAAAAAAAAAAAAAAAAAAAAAAAAAAAAAAAAAAAE8yKDQzAmBAAAAAAAAAAAAAQACAAAJIAAAAAAAAAAAAAAAAAAAAA1pdF9zdHJhdGVlZ2lhAAAQAAgAAM5l5/cAAAARAAgAANDL+3EAAAABABABPMYuABIKUwAG5wEAAmB1AAIAUU1hY2ludG9zaCBIRDpVc2VyczoAYW5kcmVza3l0dDoARHJvcGJveDoAaXRfc3RyYXRlZWdpYToASVQtQnVzaW5lc3MgQWxpZ25tZW50LnBkZgAADgA0ABkASQBUAC0AQgB1AHMAaQBuAGUAcwBzACAAQQBsAGkAZwBuAG0AZQBuAHQALgBwAGQAZgAPABoADABNAGEAYwBpAG4AdABvAHMAaAAgAEgARAASAEBVc2Vycy9hbmRyZXNreXR0L0Ryb3Bib3gvaXRfc3RyYXRlZWdpYS9JVC1CdXNpbmVzcyBBbGlnbm1lbnQucGRmABMAAS8AABUAAgAR//8AAIAG0hscHR5aJGNsYXNzbmFtZVgkY2xhc3Nlc11OU011dGFibGVEYXRhox0fIFZOU0RhdGFYTlNPYmplY3TSGxwiI1xOU0RpY3Rpb25hcnmiIiBfEA9OU0tleWVkQXJjaGl2ZXLRJidUcm9vdIABAAgAEQAaACMALQAyADcAQABGAE0AVQBgAGcAagBsAG4AcQBzAHUAdwCEAI4AqgCvALcCjwKRApYCoQKqArgCvALDAswC0QLeAuEC8wL2AvsAAAAAAAACAQAAAAAAAAAoAAAAAAAAAAAAAAAAAAAC/Q==}}

@article{lipton1996demystifying,
	Author = {Lipton, Mark},
	Date-Added = {2014-12-28 08:20:51 +0000},
	Date-Modified = {2014-12-28 08:20:51 +0000},
	Journal = {Sloan Management Review},
	Pages = {83--92},
	Title = {Demystifying the development of an organizational vision},
	Volume = {37},
	Year = {1996},
	Bdsk-File-1 = {YnBsaXN0MDDUAQIDBAUGJCVYJHZlcnNpb25YJG9iamVjdHNZJGFyY2hpdmVyVCR0b3ASAAGGoKgHCBMUFRYaIVUkbnVsbNMJCgsMDxJXTlMua2V5c1pOUy5vYmplY3RzViRjbGFzc6INDoACgAOiEBGABIAFgAdccmVsYXRpdmVQYXRoWWFsaWFzRGF0YV8QPERlbXlzdGlmeWluZyt0aGUrRGV2ZWxvcG1lbnQrb2YrYW4rT3JnYW5pemF0aW9uYWwrVmlzaW9uLnBkZtIXCxgZV05TLmRhdGFPEQJEAAAAAAJEAAIAAAxNYWNpbnRvc2ggSEQAAAAAAAAAAAAAAAAAAADOZgQXSCsAAAE8xi4fRGVteXN0aWZ5aW5nK3RoZStEZSMxM0NDODlGLnBkZgAAAAAAAAAAAAAAAAAAAAAAAAAAAAAAAAAAAAAAAAAAATzIn9DMCYEAAAAAAAAAAAABAAIAAAkgAAAAAAAAAAAAAAAAAAAADWl0X3N0cmF0ZWVnaWEAABAACAAAzmXn9wAAABEACAAA0Mv7cQAAAAEAEAE8xi4AEgpTAAbnAQACYHUAAgBXTWFjaW50b3NoIEhEOlVzZXJzOgBhbmRyZXNreXR0OgBEcm9wYm94OgBpdF9zdHJhdGVlZ2lhOgBEZW15c3RpZnlpbmcrdGhlK0RlIzEzQ0M4OUYucGRmAAAOAHoAPABEAGUAbQB5AHMAdABpAGYAeQBpAG4AZwArAHQAaABlACsARABlAHYAZQBsAG8AcABtAGUAbgB0ACsAbwBmACsAYQBuACsATwByAGcAYQBuAGkAegBhAHQAaQBvAG4AYQBsACsAVgBpAHMAaQBvAG4ALgBwAGQAZgAPABoADABNAGEAYwBpAG4AdABvAHMAaAAgAEgARAASAGNVc2Vycy9hbmRyZXNreXR0L0Ryb3Bib3gvaXRfc3RyYXRlZWdpYS9EZW15c3RpZnlpbmcrdGhlK0RldmVsb3BtZW50K29mK2FuK09yZ2FuaXphdGlvbmFsK1Zpc2lvbi5wZGYAABMAAS8AABUAAgAR//8AAIAG0hscHR5aJGNsYXNzbmFtZVgkY2xhc3Nlc11OU011dGFibGVEYXRhox0fIFZOU0RhdGFYTlNPYmplY3TSGxwiI1xOU0RpY3Rpb25hcnmiIiBfEA9OU0tleWVkQXJjaGl2ZXLRJidUcm9vdIABAAgAEQAaACMALQAyADcAQABGAE0AVQBgAGcAagBsAG4AcQBzAHUAdwCEAI4AzQDSANoDIgMkAykDNAM9A0sDTwNWA18DZANxA3QDhgOJA44AAAAAAAACAQAAAAAAAAAoAAAAAAAAAAAAAAAAAAADkA==}}

@book{tzu2013art,
	Author = {Tzu, Sun},
	Date-Added = {2014-12-28 08:00:02 +0000},
	Date-Modified = {2014-12-28 08:00:02 +0000},
	Publisher = {Orange Publishing},
	Title = {The art of war},
	Year = {2013}}

@url{kutsestandard,
	Author = {{SA Kutsekoda}},
	Date-Added = {2014-12-27 20:12:59 +0000},
	Date-Modified = {2014-12-27 20:20:36 +0000},
	Lastchecked = {27. Dec 2014},
	Month = {June},
	Title = {{Kutsestandard. IT juht, tase 7} \url{http://www.kutsekoda.ee/et/kutseregister/kutsestandardid/10443037}},
	Year = {2012}}

@book{de2006strategy,
	Author = {De Kluyver, Cornelis A and Pearce, John A},
	Date-Added = {2014-12-27 15:19:20 +0000},
	Date-Modified = {2014-12-27 15:19:20 +0000},
	Publisher = {Pearson Education},
	Title = {Strategy: a view from the top (an executive perspective)},
	Year = {2006}}

@url{fowlerdebt,
	Author = {Martin Fowler},
	Date-Added = {2015-01-10 12:09:45 +0000},
	Date-Modified = {2015-01-10 12:10:48 +0000},
	Lastchecked = {10. January 2015},
	Month = {October},
	Title = {{TechnicalDebtQuadrant} \url{http://martinfowler.com/bliki/TechnicalDebtQuadrant.html}},
	Year = {2009}}

@incollection{spolsky2004joel2,
	Author = {Spolsky, Joel},
	Booktitle = {Joel on Software},
	Date-Added = {2015-01-10 12:02:41 +0000},
	Date-Modified = {2015-01-10 12:04:16 +0000},
	Pages = {253-260},
	Publisher = {Springer},
	Title = {{Strategy letter I: Ben \& Jerry's vs. Amazon}},
	Year = {2004}}

@incollection{spolsky2004joel,
	Author = {Spolsky, Joel},
	Booktitle = {Joel on Software},
	Date-Added = {2015-01-10 12:02:01 +0000},
	Date-Modified = {2015-01-10 14:17:23 +0000},
	Pages = {17--30},
	Publisher = {Springer},
	Title = {{The Joel test: 12 steps to better code}},
	Year = {2004}}

@incollection{brooks1975mythical,
	Author = {Brooks, Frederick P},
	Booktitle = {The mythical man-month},
	Date-Added = {2015-01-10 11:31:24 +0000},
	Date-Modified = {2015-01-14 08:06:21 +0000},
	Publisher = {Addison-Wesley Reading, MA},
	Title = {No silver bullet},
	Volume = {1995},
	Year = {1975}}
